@misc{kaggle_fuel,
  title  = "Fuel Consumption Dataset",
  URL = "https://www.kaggle.com/datasets/ahmettyilmazz/fuel-consumption/code",
}
@misc{kaggle_temp,
  title = "Canada Tempearture Data",
  URL = "https://www.kaggle.com/datasets/sarahquesnelle/canada-data/data",
}

@misc{statcan,
  title = "New motor vehicle sales",
  URL = "https://www150.statcan.gc.ca/t1/tbl1/en/tv.action?pid=2010000101",
}

@misc{wiki_demographics_canada,
  title = "Demographics of Canada",
  URL = "https://en.wikipedia.org/wiki/Demographics_of_Canada",
}

